<?xml version="1.0" encoding="UTF-8"?>
<utfx:tests xmlns:utfx="http://utfx.org/test-definition">
    <!--
#
#    Copyright (C) 2005-2006  Distance and e-Learning Centre, 
#    University of Southern Queensland
#
#    This program is free software; you can redistribute it and/or modify
#    it under the terms of the GNU General Public License as published by
#    the Free Software Foundation; either version 2 of the License, or
#    (at your option) any later version.
#
#    This program is distributed in the hope that it will be useful,
#    but WITHOUT ANY WARRANTY; without even the implied warranty of
#    MERCHANTABILITY or FITNESS FOR A PARTICULAR PURPOSE.  See the
#    GNU General Public License for more details.
#
#    You should have received a copy of the GNU General Public License
#    along with this program; if not, write to the Free Software
#    Foundation, Inc., 59 Temple Place, Suite 330, Boston, MA  02111-1307  USA
#

--><utfx:stylesheet src="endnote_to_marc_minus_namespace.xsl"/>
    <!-- Basic Test Outline -->
    <!--
        <utfx:test>
        <utfx:name>Test Name</utfx:name>
        <utfx:assert-equal>
        <utfx:source validate="no">
        
        </utfx:source>
        <utfx:expected validate="no">
        
        </utfx:expected>
        </utfx:assert-equal>
        </utfx:test>
    -->
    <!-- Item Title -->
    <utfx:test>
        <utfx:name>Item Title</utfx:name>
        <utfx:assert-equal>
            <utfx:source validate="no">
                <xml>
                    <records>
                        <record>
                            <titles>
                                <title>
                                    <style face="normal" font="default" size="100%">Observing the open-closed boundary using cusp-latitude magnetometers</style>
                                </title>
                            </titles>
                        </record>
                    </records>
                    </xml>                
            </utfx:source>
            <utfx:expected validate="no">
                <collection xmlns="http://www.loc.gov/MARC21/slim">
                    <record>
                        <leader>00000nam a22000002a 4500</leader>
                        <controlfield tag="008">20uu9999 |||||s|||||00| 0|eng d </controlfield>
                        <datafield tag="245" ind1="0" ind2="0">
                            <subfield code="a">Observing the open-closed boundary using cusp-latitude magnetometers</subfield>
                        </datafield>
                        <datafield tag="540" ind1=" " ind2=" ">
                            <subfield code="a">*</subfield>
                        </datafield>
                        <datafield tag="041" ind1="0" ind2=" ">
                            <subfield code="a">eng</subfield>
                        </datafield>
                        <datafield tag="546" ind1="0" ind2=" ">
                            <subfield code="a">eng</subfield>
                        </datafield>
                    </record>
                    </collection>                
            </utfx:expected>
        </utfx:assert-equal>
    </utfx:test>
    <!-- Authors [1] -->
    <utfx:test>
        <utfx:name>Authors [1]</utfx:name>
        <utfx:assert-equal>
            <utfx:source validate="no">
                <xml>
                    <records>
                        <record>
                            <contributors>
                                <authors>
                                    <author>
                                        <style face="bold" font="default" size="100%">Ables, Sean Thomas</style>
                                    </author>
                                </authors>
                            </contributors>
                        </record>