
                    </records>
                </xml>                
            </utfx:source>
            <utfx:expected validate="no">
                <collection xmlns:marc="http://www.loc.gov/MARC21/slim">
                    <record>
                        <leader>00000nam a22000002a 4500</leader>
                        <controlfield tag="008">20uu9999 |||||s|||||00| 0|eng d </controlfield>
                        <datafield tag="100" ind1="1" ind2=" ">
                            <subfield code="a">Ables, Sean Thomas</subfield>
                        </datafield>
                       <datafield tag="540" ind1=" " ind2=" ">
                            <subfield code="a">*</subfield>
                        </datafield>
                        <datafield tag="041" ind1="0" ind2=" ">
                            <subfield code="a">eng</subfield>
                        </datafield>
                        <datafield tag="546" ind1="0" ind2=" ">
                            <subfield code="a">eng</subfield>
                        </datafield>
                    </record>
                </collection>                
            </utfx:expected>
        </utfx:assert-equal>
    </utfx:test>
    <!-- Authors [5] -->
    <utfx:test>
        <utfx:name>Authors [5]</utfx:name>
        <utfx:assert-equal>
            <utfx:source validate="no">
                <xml>
                    <records>
                        <record>
                            <contributors>
                                <authors>
                                    <author>
                                        <style face="normal" font="default" size="100%">Ables, Sean Thomas</style>
                                    </author>
                                    <author>
                                        <style face="bold" font="default" size="100%">Fraser, Brian J</style>
                                    </author>
                                    <author>
                                        <style face="bold" font="default" size="100%">Bond, J</style>
                                    </author>
                                </authors>
                            </contributors>
                        </record>