
                    </records>
                </xml>                
            </utfx:source>
            <utfx:expected validate="no">
                <collection xmlns:marc="http://www.loc.gov/MARC21/slim">
                    <record>
                        <leader>00000nam a22000002a 4500</leader>
                        <controlfield tag="008">20uu9999 |||||s|||||00| 0|eng d </controlfield>
                        <datafield tag="100" ind1="1" ind2=" ">
                            <subfield code="a">Ables, Sean Thomas</subfield>
                        </datafield>
                        <datafield tag="700" ind1="1" ind2=" ">
                            <subfield code="a">Fraser, Brian J</subfield>
                            <subfield code="u">University of Newcastle</subfield>
                        </datafield>
                        <datafield tag="700" ind1="1" ind2=" ">
                            <subfield code="a">Bond, J</subfield>
                            <subfield code="u">University of Newcastle</subfield>
                        </datafield>
                        <datafield tag="540" ind1=" " ind2=" ">
                            <subfield code="a">*</subfield>
                        </datafield>
                        <datafield tag="041" ind1="0" ind2=" ">
                            <subfield code="a">eng</subfield>
                        </datafield>
                        <datafield tag="546" ind1="0" ind2=" ">
                            <subfield code="a">eng</subfield>
                        </datafield>
                    </record>
                </collection>                
            </utfx:expected>
        </utfx:assert-equal>
    </utfx:test>
    <!-- Abstract -->
    <utfx:test>
        <utfx:name>Abstract</utfx:name>
        <utfx:assert-equal>
            <utfx:source validate="no">
                <xml>
                    <records>
                        <record>
                            <abstract>
                                <style face="normal" font="default" size="100%">A new ground-based diagnostic of reconnection at the magnetopause using ULF waves is presented, and we give an example day in which the dynamics of the open-closed boundary (OCB) are clearly observed. The diagnostic is based on data from two close (similar to 110 km), magnetic azimuthally spaced magnetometer sites (Davis and Zhongshan, Antarctica). During average IMF conditions Davis passes just equatorward of the last closed field lines in the dayside magnetosphere, and cross-phase measurements indicate propagation away from local magnetic noon (LMN) as expected for the Kelvin-Helmholtz Instability (KHI) acting at the magnetopause. During times when IMF B-z &lt; -2 nT intervals of broadband activity appear, with the azimuthal component of propagation directed towards noon. Statistical analysis shows a correlation between the negative magnitude of IMF B-z and cross-phase measurements +/- 2-6 hours from LMN. We conclude that under the right conditions, reconnection signatures can be identified in magnetometer data superimposed on the KHI-like propagation signatures of the last closed field lines.</style>
                            </abstract>
                        </record>
                    </records>
                </xml>                
            </utfx:source>
            <utfx:expected validate="no">
                <collection xmlns:marc="http://www.loc.gov/MARC21/slim">
                    <record>
                        <leader>00000nam a22000002a 4500</leader>
                        <controlfield tag="008">20uu9999 |||||s|||||00| 0|eng d </controlfield>
                        <datafield tag="520" ind1="3" ind2=" ">
                            <subfield code="a">A new ground-based diagnostic of reconnection at the magnetopause using ULF waves is presented, and we give an example day in which the dynamics of the open-closed boundary (OCB) are clearly observed. The diagnostic is based on data from two close (similar to 110 km), magnetic azimuthally spaced magnetometer sites (Davis and Zhongshan, Antarctica). During average IMF conditions Davis passes just equatorward of the last closed field lines in the dayside magnetosphere, and cross-phase measurements indicate propagation away from local magnetic noon (LMN) as expected for the Kelvin-Helmholtz Instability (KHI) acting at the magnetopause. During times when IMF B-z &lt; -2 nT intervals of broadband activity appear, with the azimuthal component of propagation directed towards noon. Statistical analysis shows a correlation between the negative magnitude of IMF B-z and cross-phase measurements +/- 2-6 hours from LMN. We conclude that under the right conditions, reconnection signatures can be identified in magnetometer data superimposed on the KHI-like propagation signatures of the last closed field lines.</subfield>
                        </datafield>
                        <datafield tag="540" ind1=" " ind2=" ">
                            <subfield code="a">*</subfield>
                        </datafield>
                        <datafield tag="041" ind1="0" ind2=" ">
                            <subfield code="a">eng</subfield>
                        </datafield>
                        <datafield tag="546" ind1="0" ind2=" ">
                            <subfield code="a">eng</subfield>
                        </datafield>
                    </record>
                </collection>                
            </utfx:expected>
        </utfx:assert-equal>
    </utfx:test>
    <!-- Total Pages -->
    <utfx:test>
        <utfx:name>Total Pages</utfx:name>
        <utfx:assert-equal>
            <utfx:source validate="no">
                <xml>
                    <records>
                        <record>
                            <pages>
                                <style face="normal" font="default" size="100%">4 pages</style>
                            </pages>
                        </record>
                    </records>
                </xml>                
            </utfx:source>
            <utfx:expected validate="no">
                <collection xmlns:marc="http://www.loc.gov/MARC21/slim">
                    <record>
                        <leader>00000nam a22000002a 4500</leader>
                        <controlfield tag="008">20uu9999 |||||s|||||00| 0|eng d </controlfield>
                        <datafield tag="300" ind1=" " ind2=" ">
                            <subfield code="a">4 pages</subfield>
                        </datafield>
                        <datafield tag="540" ind1=" " ind2=" ">
                            <subfield code="a">*</subfield>
                        </datafield>
                        <datafield tag="041" ind1="0" ind2=" ">
                            <subfield code="a">eng</subfield>
                        </datafield>
                        <datafield tag="546" ind1="0" ind2=" ">
                            <subfield code="a">eng</subfield>
                        </datafield>
                    </record>
                </collection>                
            </utfx:expected>
        </utfx:assert-equal>
    </utfx:test>
    <!-- Publication Details -->
    <utfx:test>
        <utfx:name>Publication Details</utfx:name>
        <utfx:assert-equal>
            <utfx:source validate="no">
                <xml>
                    <records>
                        <record>
                            <dates>
                                <year>
                                    <style face="normal" font="default" size="100%">2005</style>
                                </year>
                                <pub-dates>
                                    <date>
                                        <style face="normal" font="default" size="100%">May 28</style>
                                    </date>
                                </pub-dates>
                            </dates>
                            <pub-location>
                                <style face="normal" font="default" size="100%">Washington</style>
                            </pub-location>
                            <publisher>
                                <style face="normal" font="default" size="100%">American Geophysical Union</style>
                            </publisher>
                        </record>
                    </records>
                </xml>                
            </utfx:source>
            <utfx:expected validate="no">
                <collection xmlns:marc="http://www.loc.gov/MARC21/slim">
                    <record>
                        <leader>00000nam a22000002a 4500</leader>
                        <controlfield tag="008">20uu9999 |||||s|||||00| 0|eng d </controlfield>
                        <datafield tag="260" ind1=" " ind2=" ">
                            <subfield code="a">Washington</subfield>
                            <subfield code="b">American Geophysical Union</subfield>
                            <subfield code="c">2005</subfield>
                        </datafield>
                        <datafield tag="540" ind1=" " ind2=" ">
                            <subfield code="a">*</subfield>
                        </datafield>
                        <datafield tag="041" ind1="0" ind2=" ">
                            <subfield code="a">eng</subfield>
                        </datafield>
                        <datafield tag="546" ind1="0" ind2=" ">
                            <subfield code="a">eng</subfield>
                        </datafield>
                    </record>
                </collection>                
            </utfx:expected>
        </utfx:assert-equal>
    </utfx:test>
    <!-- URL and copyright-->
    <!--<utfx:test>
        <utfx:name>URL &amp; Copyright</utfx:name>
        <utfx:assert-equal>
            <utfx:source validate="no">
                <xml>
                    <records>
                        <record>
                            <urls>
                                <related-urls>
                                    <url>
                                        <style face="normal" font="default" size="100%">View fulltext at: http://0-www.agu.org.library.newcastle.edu.au/journals/gl/   Copy also included in EndNote Library</style>
                                    </url>
                                </related-urls>
                            </urls>
                        </record>
                    </records>
                </xml>                
            </utfx:source>
            <utfx:expected validate="no">
                <collection xmlns:marc="http://www.loc.gov/MARC21/slim">
                    <record>
                        <leader>00000nam a22000002a 4500</leader>
                        <controlfield tag="008">20uu9999 |||||s|||||00| 0|eng d </controlfield>
                        
                        <datafield tag="856" ind1="4" ind2="0">
                            <subfield code="u">http://0-www.agu.org.library.newcastle.edu.au/journals/gl/</subfield>
                        </datafield>
                        <datafield tag="540" ind1=" " ind2=" ">
                            <subfield code="a">*</subfield>
                        </datafield>
                        <datafield tag="041" ind1="0" ind2=" ">
                            <subfield code="a">eng</subfield>
                        </datafield>
                        <datafield tag="546" ind1="0" ind2=" ">
                            <subfield code="a">eng</subfield>
                        </datafield>
                    </record>
                </collection>                
            </utfx:expected>
        </utfx:assert-equal>
    </utfx:test>-->
    <!-- Keywords [1] -->
    <utfx:test>
        <utfx:name>Keywords [1]</utfx:name>
        <utfx:assert-equal>
            <utfx:source validate="no">
                <xml>
                    <records>
                        <record>
                            <keywords>
                                <keyword>
                                    <style face="normal" font="default" size="100%">flux-transfer events</style>
                                </keyword>
                            </keywords>
                        </record>
                    </records>
                </xml>                
            </utfx:source>
            <utfx:expected validate="no">
                <collection xmlns:marc="http://www.loc.gov/MARC21/slim">
                    <record>
                        <leader>00000nam a22000002a 4500</leader>
                        <controlfield tag="008">20uu9999 |||||s|||||00| 0|eng d </controlfield>
                            <datafield tag="653" ind1=" " ind2=" ">
                                <subfield code="a">flux-transfer events</subfield>
                            </datafield>
                        <datafield tag="540" ind1=" " ind2=" ">
                            <subfield code="a">*</subfield>
                        </datafield>
                        <datafield tag="041" ind1="0" ind2=" ">
                            <subfield code="a">eng</subfield>
                        </datafield>
                        <datafield tag="546" ind1="0" ind2=" ">
                            <subfield code="a">eng</subfield>
                        </datafield>
                    </record>
                </collection>                
            </utfx:expected>
        </utfx:assert-equal>
    </utfx:test>
    <!-- Keywords [2] -->
    <utfx:test>
        <utfx:name>Keywords [2]</utfx:name>
        <utfx:assert-equal>
            <utfx:source validate="no">
                <xml>
                    <records>
                        <record>
                            <keywords>
                                <keyword>
                                    <style face="normal" font="default" size="100%">flux-transfer events</style>
                                </keyword>
                                <keyword>
                                    <style face="normal" font="default" size="100%">interplanetary magnetic-field</style>
                                </keyword>
                                <keyword>
                                    <style face="normal" font="default" size="100%">impulse events</style>
                                </keyword>
                                <keyword>
                                    <style face="normal" font="default" size="100%">magnetopause</style>
                                </keyword>
                                <keyword>
                                    <style face="normal" font="default" size="100%">reconnection</style>
                                </keyword>
                                <keyword>
                                    <style face="normal" font="default" size="100%">signatures</style>
                                </keyword>
                            </keywords>
                        </record>
                    </records>
                </xml>                
            </utfx:source>
            <utfx:expected validate="no">
                <collection xmlns:marc="http://www.loc.gov/MARC21/slim">
                    <record>
                        <leader>00000nam a22000002a 4500</leader>
                        <controlfield tag="008">20uu9999 |||||s|||||00| 0|eng d </controlfield>
                        <datafield tag="653" ind1=" " ind2=" ">
                            <subfield code="a">flux-transfer events</subfield>
                            <subfield code="a">interplanetary magnetic-field</subfield>
                            <subfield code="a">impulse events</subfield>
                            <subfield code="a">magnetopause</subfield>
                            <subfield code="a">reconnection</subfield>
                            <subfield code="a">signatures</subfield>
                        </datafield>
                        <datafield tag="540" ind1=" " ind2=" ">
                            <subfield code="a">*</subfield>
                        </datafield>
                        <datafield tag="041" ind1="0" ind2=" ">
                            <subfield code="a">eng</subfield>
                        </datafield>
                        <datafield tag="546" ind1="0" ind2=" ">
                            <subfield code="a">eng</subfield>
                        </datafield>
                    </record>
                </collection>                
            </utfx:expected>
        </utfx:assert-equal>
    </utfx:test>
    <!-- Item Type, Collection Title. and item specific info [1] -->
    <utfx:test>
        <utfx:name>Item Type &amp; Collection Title &amp; Item Specific Info [1]</utfx:name>
        <utfx:assert-equal>
            <utfx:source validate="no">
                <xml>
                    <records>
                        <record>
                            <ref-type name="Journal Article">17</ref-type>
                            <titles>
                                <title>
                                    <style face="normal" font="default" size="100%">Experiences of occupational violence in Australian urban general practice: A cross-sectional study of GPs</style>
                                </title>
                                <secondary-title>
                                    <style face="normal" font="default" size="100%">Medical Journal of Australia</style>
                                </secondary-title>
                            </titles>
                            <custom1>
                                <style face="normal" font="default" size="100%">C1</style>
                            </custom1>
                            <pages>
                                <style face="normal" font="default" size="100%">4 pages</style>
                            </pages>
                            <volume>
                                <style face="normal" font="default" size="100%">32</style>
                            </volume>
                            <number>
                                <style face="normal" font="default" size="100%">10</style>
                            </number>
                            <dates>
                                <year>
                                    <style face="normal" font="default" size="100%">2005</style>
                                </year>
                                <pub-dates>
                                    <date>
                                        <style face="normal" font="default" size="100%">May 28</style>
                                    </date>
                                </pub-dates>
                            </dates>
                            <isbn>
                                <style face="normal" font="default" size="100%">0094-8276</style>
                            </isbn>
                        </record>