
                    </records>
                </xml>                
            </utfx:source>
            <utfx:expected validate="no">
                <collection xmlns:marc="http://www.loc.gov/MARC21/slim">
                    <record>
                        <leader>00000nam a22000002a 4500</leader>
                        <controlfield tag="008">20uu9999 |||||s|||||00| 0|eng d </controlfield>
                        <datafield tag="655" ind1=" " ind2="7">
                            <subfield code="a">journal article</subfield>
                        </datafield>
                       
                       
                        <datafield tag="773" ind1="0" ind2=" ">
                            <subfield code="t">Medical Journal of Australia</subfield>
                            <subfield code="n">1</subfield>
                            <subfield code="g">Vol. 32, no. 10, 4 pages</subfield>
                        </datafield>
                        <datafield tag="022" ind1=" " ind2=" ">
                            <subfield code="a">0094-8276</subfield>
                        </datafield>
                        <datafield tag="245" ind1="0" ind2="0">
                            <subfield code="a">Experiences of occupational violence in Australian urban general practice: A cross-sectional study of GPs</subfield>
                        </datafield>
                        <datafield tag="591" ind1=" " ind2=" ">
                            <subfield code="a">2005</subfield>
                        </datafield>
                        <datafield tag="592" ind1=" " ind2=" ">
                            <subfield code="a"> C1 </subfield>
                        </datafield>
                        <datafield tag="300" ind1=" " ind2=" ">
                            <subfield code="a">4 pages</subfield>
                        </datafield>
                        <datafield tag="540" ind1=" " ind2=" ">
                            <subfield code="a">*</subfield>
                        </datafield>
                        <datafield tag="041" ind1="0" ind2=" ">
                            <subfield code="a">eng</subfield>
                        </datafield>
                        <datafield tag="546" ind1="0" ind2=" ">
                            <subfield code="a">eng</subfield>
                        </datafield>
                    </record>
                </collection>                
            </utfx:expected>
        </utfx:assert-equal>
    </utfx:test>
    <!-- Item Type, Collection Title. and item MINUS VOLUME NUMBER -->
    <utfx:test>
        <utfx:name>Item Type &amp; Collection Title &amp; Item MINUS VOLUME NUMBER</utfx:name>
        <utfx:assert-equal>
            <utfx:source validate="no">
                <xml>
                    <records>
                        <record>
                            <ref-type name="Journal Article">17</ref-type>
                            <titles>
                                <title>
                                    <style face="normal" font="default" size="100%">Experiences of occupational violence in Australian urban general practice: A cross-sectional study of GPs</style>
                                </title>
                                <secondary-title>
                                    <style face="normal" font="default" size="100%">Medical Journal of Australia</style>
                                </secondary-title>
                            </titles>
                            <custom1>
                                <style face="normal" font="default" size="100%">C1</style>
                            </custom1>
                            <pages>
                                <style face="normal" font="default" size="100%">4 pages</style>
                            </pages>
                            <volume>
                                <style face="normal" font="default" size="100%">32</style>
                            </volume>
                           <dates>
                                <year>
                                    <style face="normal" font="default" size="100%">2005</style>
                                </year>
                                <pub-dates>
                                    <date>
                                        <style face="normal" font="default" size="100%">May 28</style>
                                    </date>
                                </pub-dates>
                            </dates>
                            <isbn>
                                <style face="normal" font="default" size="100%">0094-8276</style>
                            </isbn>
                        </record>