
                    </records>
                </xml>                
            </utfx:source>
            <utfx:expected validate="no">
                <collection xmlns:marc="http://www.loc.gov/MARC21/slim">
                    <record>
                        <leader>00000nam a22000002a 4500</leader>
                        <controlfield tag="008">20uu9999 |||||s|||||00| 0|eng d </controlfield>
                        <datafield tag="655" ind1=" " ind2="7">
                            <subfield code="a">journal article</subfield>
                        </datafield>
                        
                      
                        <datafield tag="773" ind1="0" ind2=" ">
                            <subfield code="t">Medical Journal of Australia</subfield>
                            <subfield code="n">1</subfield>
                            <subfield code="g">Vol. 32, 4 pages</subfield>
                        </datafield>
                        <datafield tag="022" ind1=" " ind2=" ">
                            <subfield code="a">0094-8276</subfield>
                        </datafield>
                        <datafield tag="245" ind1="0" ind2="0">
                            <subfield code="a">Experiences of occupational violence in Australian urban general practice: A cross-sectional study of GPs</subfield>
                        </datafield>
                        <datafield tag="591" ind1=" " ind2=" ">
                            <subfield code="a">2005</subfield>
                        </datafield>
                        <datafield tag="592" ind1=" " ind2=" ">
                            <subfield code="a"> C1 </subfield>
                        </datafield>
                        <datafield tag="300" ind1=" " ind2=" ">
                            <subfield code="a">4 pages</subfield>
                        </datafield>
                        <datafield tag="540" ind1=" " ind2=" ">
                            <subfield code="a">*</subfield>
                        </datafield>
                        <datafield tag="041" ind1="0" ind2=" ">
                            <subfield code="a">eng</subfield>
                        </datafield>
                        <datafield tag="546" ind1="0" ind2=" ">
                            <subfield code="a">eng</subfield>
                        </datafield>
                    </record>
                </collection>                
            </utfx:expected>
        </utfx:assert-equal>
    </utfx:test>
    <!-- Item Type, Collection Title. and item specific info [2] -->
    <utfx:test>
        <utfx:name>Item Type &amp; Collection Title &amp; Item Specific Info [2]</utfx:name>
        <utfx:assert-equal>
            <utfx:source validate="no">
                <xml>
                    <records>
                        <record>
                            <ref-type name="Conference Proceedings">10</ref-type>
                            <titles>
                                <title>
                                    <style face="normal" font="default" size="100%">Modelling perceptual discrimination</style>
                                </title>
                                <secondary-title>
                                    <style face="normal" font="default" size="100%">Computational Intelligence and Bioinspired Systems 8th InternationalWork-Conference on Artificial Neural Networks, IWANN 2005</style>
                                </secondary-title>
                                <tertiary-title>
                                    <style face="normal" font="default" size="100%">Computational Intelligence and Bioinspired Systems 8th InternationalWork-Conference on Artificial Neural Networks, IWANN 2005 Vilanova i la Geltr, Barcelona, Spain, June 8-10, 2005 Proceedings</style>
                                </tertiary-title>
                            </titles>
                            <isbn>
                                <style face="normal" font="default" size="100%">3-540-26208-3</style>
                            </isbn>
                            <pages>
                                <style face="normal" font="default" size="100%">646-653</style>
                            </pages>
                            <volume>
                                <style face="normal" font="default" size="100%">Lecture Notes in Computer Science No. 3512</style>
                            </volume>
                            <dates>
                                <year>
                                    <style face="normal" font="default" size="100%">2005</style>
                                </year>
                            </dates>
                            <custom1>
                                <style face="normal" font="default" size="100%">E1</style>
                            </custom1>
                            <custom2>
                                <style face="normal" font="default" size="100%">Barcelona, Spain</style>
                            </custom2>
                            <custom3>
                                <style face="normal" font="default" size="100%">June 8-10, 2005</style>
                            </custom3>
                        </record>