
                    </records>
                </xml>                
            </utfx:source>
            <utfx:expected validate="no">
                <collection xmlns:marc="http://www.loc.gov/MARC21/slim">
                    <record>
                        <leader>00000nam a22000002a 4500</leader>
                        <controlfield tag="008">20uu9999 |||||s|||||00| 0|eng d </controlfield>
                        <datafield tag="655" ind1=" " ind2="7">
                            <subfield code="a">conference proceedings</subfield>
                        </datafield>
                        
                        <datafield tag="773" ind1="0" ind2=" ">
                            <subfield code="t">Computational Intelligence and Bioinspired Systems 8th InternationalWork-Conference on Artificial Neural Networks, IWANN 2005</subfield>
                            <subfield code="n">0</subfield>
                            <subfield code="g">Lecture Notes in Computer Science No. 3512 (2005), p. 646-653</subfield>
                            
                        </datafield>
                        <datafield tag="711" ind1="0" ind2=" ">
                            <subfield code="a">Computational Intelligence and Bioinspired Systems 8th InternationalWork-Conference on Artificial Neural Networks, IWANN 2005 Vilanova i la Geltr, Barcelona, Spain, June 8-10, 2005 Proceedings</subfield>
                            <subfield code="c">Barcelona, Spain</subfield>
                            <subfield code="d">June 8-10, 2005</subfield>
                        </datafield>
                        <datafield tag="020" ind1=" " ind2=" ">
                            <subfield code="a">3-540-26208-3</subfield>
                        </datafield>                        
                        <datafield tag="245" ind1="0" ind2="0">
                            <subfield code="a">Modelling perceptual discrimination</subfield>
                        </datafield>
                        <datafield tag="300" ind1=" " ind2=" ">
                            <subfield code="a">646-653</subfield>
                        </datafield>
                        <datafield tag="591" ind1=" " ind2=" ">
                            <subfield code="a">2005</subfield>
                        </datafield>
                        <datafield tag="592" ind1=" " ind2=" ">
                            <subfield code="a"> E1 </subfield>
                        </datafield>
                        <datafield tag="540" ind1=" " ind2=" ">
                            <subfield code="a">*</subfield>
                        </datafield>
                        <datafield tag="041" ind1="0" ind2=" ">
                            <subfield code="a">eng</subfield>
                        </datafield>
                        <datafield tag="546" ind1="0" ind2=" ">
                            <subfield code="a">eng</subfield>
                        </datafield>
                    </record>
                </collection>                
            </utfx:expected>
        </utfx:assert-equal>
    </utfx:test>
    <!-- Item Type, Collection Title. and item specific info [3] -->
    <utfx:test>
        <utfx:name>Item Type &amp; Collection Title &amp; Item Specific Info [3]</utfx:name>
        <utfx:assert-equal>
            <utfx:source validate="no">
                <xml>
                    <records>
                        <record>
                            <ref-type name="Patent">25</ref-type>
                            <number>
                                <style face="normal" font="default" size="100%">US20040018911 20041221</style>
                            </number>
                            <isbn>
                                <style face="normal" font="default" size="100%">US2005180963; AU2002PS03152 20020624; AU20020952793 20021118</style>
                            </isbn>
                            <custom1>
                                <style face="normal" font="default" size="100%">I1</style>
                            </custom1>
                            <custom2>
                                <style face="normal" font="default" size="100%">2005-08-18</style>
                            </custom2>
                        </record>
                    </records>
                </xml>                
            </utfx:source>
            <utfx:expected validate="no">
                <collection xmlns:marc="http://www.loc.gov/MARC21/slim">
                    <record>
                        <leader>00000nam a22000002a 4500</leader>
                        <controlfield tag="008">20uu9999 |||||s|||||00| 0|eng d </controlfield>
                        <datafield tag="655" ind1=" " ind2="7">
                            <subfield code="a">patent</subfield>
                        </datafield>
                        
                        <datafield tag="013" ind1="0" ind2=" ">
                            <subfield code="a">US20040018911 20041221</subfield>
                        </datafield>
                        <datafield tag="653" ind1=" " ind2=" ">
                            <subfield code="a">US2005180963</subfield>
                            <subfield code="a">AU2002PS03152 20020624</subfield>
                            <subfield code="a">AU20020952793 20021118</subfield>
                        </datafield>  
                        <datafield tag="591" ind1=" " ind2=" ">
                            <subfield code="a">2005</subfield>
                        </datafield>
                        <datafield tag="592" ind1=" " ind2=" ">
                            <subfield code="a"> I1 </subfield>
                        </datafield>
                        <datafield tag="540" ind1=" " ind2=" ">
                            <subfield code="a">*</subfield>
                        </datafield>
                        <datafield tag="041" ind1="0" ind2=" ">
                            <subfield code="a">eng</subfield>
                        </datafield>
                        <datafield tag="546" ind1="0" ind2=" ">
                            <subfield code="a">eng</subfield>
                        </datafield>
                    </record>
                </collection>                
            </utfx:expected>
        </utfx:assert-equal>
    </utfx:test>
    
    <!-- Callista -->
    <utfx:test>
        <utfx:name>Callista</utfx:name>
        <utfx:assert-equal>
            <utfx:source validate="no">
                <xml>
                    <records>
                        <record>
                            <electronic-resource-num>
                                <style face="normal" font="default" size="100%">P142464</style>
                            </electronic-resource-num>
                        </record>
                    </records>
                </xml>                
            </utfx:source>
            <utfx:expected validate="no">
                <collection xmlns:marc="http://www.loc.gov/MARC21/slim">
                    <record>
                        <leader>00000nam a22000002a 4500</leader>
                        <controlfield tag="008">20uu9999 |||||s|||||00| 0|eng d </controlfield>  
                        <datafield tag="024" ind1="8" ind2=" ">
                            <subfield code="a">P142464</subfield>
                        </datafield>
                        <datafield tag="540" ind1=" " ind2=" ">
                            <subfield code="a">*</subfield>
                        </datafield>
                        <datafield tag="041" ind1="0" ind2=" ">
                            <subfield code="a">eng</subfield>
                        </datafield>
                        <datafield tag="546" ind1="0" ind2=" ">
                            <subfield code="a">eng</subfield>
                        </datafield>
                       
                        
                    </record>
                </collection>                
            </utfx:expected>
        </utfx:assert-equal>
    </utfx:test>
    
    <!-- DEST Information -->
    <utfx:test>
        <utfx:name>DEST Information</utfx:name>
        <utfx:assert-equal>
            <utfx:source validate="no">
                <xml>
                    <records>
                        <record>
                            <custom1>
                                <style face="normal" font="default" size="100%">C1</style>
                            </custom1>
                        </record>
                    </records>
                </xml>                
            </utfx:source>
            <utfx:expected validate="no">
                <collection xmlns:marc="http://www.loc.gov/MARC21/slim">
                    <record>
                        <leader>00000nam a22000002a 4500</leader>
                        <controlfield tag="008">20uu9999 |||||s|||||00| 0|eng d </controlfield>                        
                        <datafield tag="591" ind1=" " ind2=" ">
                            <subfield code="a">2005</subfield>
                        </datafield>
                        <datafield tag="592" ind1=" " ind2=" ">
                            <subfield code="a"> C1 </subfield>
                        </datafield>
                        <datafield tag="540" ind1=" " ind2=" ">
                            <subfield code="a">*</subfield>
                        </datafield>
                        <datafield tag="041" ind1="0" ind2=" ">
                            <subfield code="a">eng</subfield>
                        </datafield>
                        <datafield tag="546" ind1="0" ind2=" ">
                            <subfield code="a">eng</subfield>
                        </datafield>
                    </record>
                </collection>                
            </utfx:expected>
        </utfx:assert-equal>
    </utfx:test>








</utfx:tests>
